% !TEX root = trkjet.tex

% Put you own bibliography entries in this file
@article{Aad:2011sc,
      author         = "{ATLAS Collaboration}",
      title          = "{Measurement of the jet fragmentation function and
                        transverse profile in proton-proton collisions at a
                        center-of-mass energy of 7 TeV with the ATLAS detector}",
      collaboration  = "ATLAS",
      journal        = "Eur. Phys. J.",
      volume         = "C71",
      year           = "2011",
      pages          = "1795",
      nodoi            = "10.1140/epjc/s10052-011-1795-y",
      eprint         = "1109.5816",
      archivePrefix  = "arXiv",
      primaryClass   = "hep-ex",
      reportNumber   = "CERN-PH-EP-2011-148",
      SLACcitation   = "%%CITATION = ARXIV:1109.5816;%%"
}

@article{Chatrchyan:2012mec,
      author         = "{CMS Collaboration}",
      title          = "{Shape, Transverse Size, and Charged Hadron Multiplicity
                        of Jets in pp Collisions at 7 TeV}",
      collaboration  = "CMS",
      journal        = "JHEP",
      volume         = "06",
      year           = "2012",
      pages          = "160",
      nodoi            = "10.1007/JHEP06(2012)160",
      eprint         = "1204.3170",
      archivePrefix  = "arXiv",
      primaryClass   = "hep-ex",
      reportNumber   = "CMS-QCD-10-029, CERN-PH-EP-2012-079",
      SLACcitation   = "%%CITATION = ARXIV:1204.3170;%%"
}

@article{Aaboud:2016leb,
      author         = "{ATLAS Collaboration}",
      title          = "{Performance of the ATLAS Trigger System in 2015}",
      collaboration  = "ATLAS",
      journal        = "Eur. Phys. J.",
      volume         = "C77",
      year           = "2017",
      number         = "5",
      pages          = "317",
      nodoi            = "10.1140/epjc/s10052-017-4852-3",
      eprint         = "1611.09661",
      archivePrefix  = "arXiv",
      primaryClass   = "hep-ex",
      reportNumber   = "CERN-EP-2016-241",
      SLACcitation   = "%%CITATION = ARXIV:1611.09661;%%"
}

@article{Aaboud:2017tke,
      author         = "{ATLAS Collaboration}",
      title          = "{Measurement of jet fragmentation in 5.02 TeV proton-lead
                        and proton-proton collisions with the ATLAS detector}",
      collaboration  = "ATLAS",
      journal        = "Nucl. Phys.",
      volume         = "A978",
      year           = "2018",
      pages          = "65",
      doi            = "10.1016/j.nuclphysa.2018.07.006",
      eprint         = "1706.02859",
      archivePrefix  = "arXiv",
      primaryClass   = "hep-ex",
      reportNumber   = "CERN-EP-2017-065",
      SLACcitation   = "%%CITATION = ARXIV:1706.02859;%%"
}

@article{Acharya:2018uvf,
      author         = "{ALICE Collaboration}",
      title          = "{Medium modification of the shape of small-radius jets in
                        central \pbpb\ collisions at $\sqrt{s_{\mathrm {NN}}} =
                        2.76\,\mathrm{TeV}$}",
      collaboration  = "ALICE",
      journal        = "JHEP",
      volume         = "10",
      year           = "2018",
      pages          = "139",
      doi            = "10.1007/JHEP10(2018)139",
      eprint         = "1807.06854",
      archivePrefix  = "arXiv",
      primaryClass   = "nucl-ex",
      reportNumber   = "CERN-EP-2018-201",
      SLACcitation   = "%%CITATION = ARXIV:1807.06854;%%"
}

@article{2019167,
      author         = "{ATLAS Collaboration}",
      title          = "{Measurement of photon-jet transverse momentum
                        correlations in 5.02 TeV \pbpb\ and $pp$ collisions with
                        ATLAS}",
      collaboration  = "ATLAS",
      journal        = "Phys. Lett.",
      volume         = "B 789",
      year           = "2019",
      pages          = "167-190",
      doi            = "10.1016/j.physletb.2018.12.023",
      eprint         = "1809.07280",
      archivePrefix  = "arXiv",
      primaryClass   = "nucl-ex",
      reportNumber   = "CERN-EP-2018-196",
      SLACcitation   = "%%CITATION = ARXIV:1809.07280;%%"
}

@article{Adam:2015ewa,
      author         = "{ALICE Collaboration}",
      title          = "{Measurement of jet suppression in central \pbpb\
                        collisions at $\sqrt{s_{\mathrm NN}}$ = 2.76 TeV}",
      collaboration  = "ALICE",
      journal        = "Phys. Lett.",
      volume         = "B746",
      year           = "2015",
      pages          = "1-14",
      doi            = "10.1016/j.physletb.2015.04.039",
      eprint         = "1502.01689",
      archivePrefix  = "arXiv",
      primaryClass   = "nucl-ex",
      reportNumber   = "CERN-PH-EP-2015-023",
      SLACcitation   = "%%CITATION = ARXIV:1502.01689;%%"
}
@article{Ovanesyan:2011xy,
      author         = "Ovanesyan, Grigory and Vitev, Ivan",
      title          = "{An effective theory for jet propagation in dense QCD
                        matter: jet broadening and medium-induced bremsstrahlung}",
      journal        = "JHEP",
      volume         = "06",
      year           = "2011",
      pages          = "080",
      doi            = "10.1007/JHEP06(2011)080",
      eprint         = "1103.1074",
      archivePrefix  = "arXiv",
      primaryClass   = "hep-ph",
      SLACcitation   = "%%CITATION = ARXIV:1103.1074;%%"
}

@article{2019108,
  author = "{ATLAS Collaboration}",
      title          = "{Measurement of the nuclear modification factor for
                        inclusive jets in \pbpb\ collisions at
                        $\sqrt{s_\mathrm{NN}}=5.02$ TeV with the ATLAS detector}",
      collaboration  = "ATLAS",
      journal        = "Phys. Lett.",
      volume         = "B790",
      year           = "2019",
      pages          = "108-128",
      doi            = "10.1016/j.physletb.2018.10.076",
      eprint         = "1805.05635",
      archivePrefix  = "arXiv",
      primaryClass   = "nucl-ex",
      reportNumber   = "CERN-EP-2018-105",
      SLACcitation   = "%%CITATION = ARXIV:1805.05635;%%"
}

@article{Aaboud:2018hpb,
      author         = "{ATLAS Collaboration}",
      title          = "{Measurement of jet fragmentation in \pbpb\ and $pp$
                        collisions at $\sqrt{s_{NN}} = 5.02$ TeV with the ATLAS
                        detector}",
      collaboration  = "ATLAS",
      journal        = "Phys. Rev.",
      volume         = "C98",
      year           = "2018",
      number         = "2",
      pages          = "024908",
      doi            = "10.1103/PhysRevC.98.024908",
      eprint         = "1805.05424",
      archivePrefix  = "arXiv",
      primaryClass   = "nucl-ex",
      reportNumber   = "CERN-EP-2018-096",
      SLACcitation   = "%%CITATION = ARXIV:1805.05424;%%"
}


@article{Sirunyan:2018jqr,
      author="{CMS collaboration}",
      title          = "{Jet properties in \pbpb\ and pp collisions at $\sqrt{{s}_{NN}}=5.02$ TeV}",
      collaboration  = "CMS",
      journal        = "JHEP",
      volume         = "05",
      year           = "2018",
      pages          = "006",
      doi            = "10.1007/JHEP05(2018)006",
      eprint         = "1803.00042",
      archivePrefix  = "arXiv",
      primaryClass   = "nucl-ex",
      reportNumber   = "CMS-HIN-16-020, CERN-EP-2018-011",
      SLACcitation   = "%%CITATION = ARXIV:1803.00042;%%"
}

@article{Busza:2018rrf,
      author         = "Busza, Wit and Rajagopal, Krishna and van der Schee,
                        Wilke",
      title          = "{Heavy Ion Collisions: The Big Picture, and the Big
                        Questions}",
      year           = "2018",
      eprint         = "1802.04801",
      archivePrefix  = "arXiv",
      primaryClass   = "hep-ph",
      SLACcitation   = "%%CITATION = ARXIV:1802.04801;%%"
}
@article{Casalderrey-Solana:2014bpa,
      author         = "Casalderrey-Solana, Jorge and Gulhan, Doga Can and
                        Milhano, Jose Guilherme and Pablos, Daniel and Rajagopal,
                        Krishna",
      title          = "{A Hybrid Strong/Weak Coupling Approach to Jet
                        Quenching}",
      journal        = "JHEP",
      volume         = "10",
      year           = "2014",
      pages          = "019",
      doi            = "10.1007/JHEP09(2015)175, 10.1007/JHEP10(2014)019",
      note           = "[Erratum: JHEP09,175(2015)]",
      eprint         = "1405.3864",
      archivePrefix  = "arXiv",
      primaryClass   = "hep-ph",
      reportNumber   = "MIT-CTP-4550, CERN-PH-TH-2014-089, ICCUB-14-051",
      SLACcitation   = "%%CITATION = ARXIV:1405.3864;%%"
}
@article{TheATLAScollaboration:2015jmb,
      author  = "{ATLAS Collaboration}",
      title          = "{Internal structure of jets measured in \pbpb\ and pp
                        collisions with the ATLAS detector at the LHC}",
      year           = "2015",
      note   = "ATLAS-CONF-2015-055",
      url = "https://cds.cern.ch/record/2055676",
      SLACcitation   = "%%CITATION = ATLAS-CONF-2015-055;%%"

}
@article{Aaboud:2017bzv,
      author  = "{ATLAS Collaboration}",
      title          = "{Measurement of jet fragmentation in \pbpb\ and $pp$
                        collisions at $\sqrt{{s_\mathrm{NN}}} = 2.76$ TeV with the
                        ATLAS detector at the LHC}",
      collaboration  = "ATLAS",
      journal        = "Eur. Phys. J.~C",
      volume         = "77",
      year           = "2017",
      number         = "6",
      pages          = "379",
      doi            = "10.1140/epjc/s10052-017-4915-5",
      eprint         = "1702.00674",
      archivePrefix  = "arXiv",
      primaryClass   = "hep-ex",
      reportNumber   = "CERN-EP-2017-005",
      SLACcitation   = "%%CITATION = ARXIV:1702.00674;%%"
}
@article{OPAL:1995ab,
      author         = "Akers, R. and others",
      title          = "{A Model independent measurement of quark and gluon jet
                        properties and differences}",
      collaboration  = "OPAL",
      journal        = "Z. Phys.",
      volume         = "C68",
      year           = "1995",
      pages          = "179-202",
      reportNumber   = "CERN-PPE-95-075, CERN-PPE-95-75",
      SLACcitation   = "%%CITATION = ZEPYA,C68,179;%%"
}

@article{Abbiendi:1999pi,
      author         = "Abbiendi, G. and others",
      title          = "{Experimental properties of gluon and quark jets from a
                        point source}",
      collaboration  = "OPAL",
      journal        = "Eur. Phys. J.~C",
      volume         = "11",
      year           = "1999",
      pages          = "217-238",
      doi            = "10.1007/s100520050628",
      eprint         = "hep-ex/9903027",
      archivePrefix  = "arXiv",
      primaryClass   = "hep-ex",
      reportNumber   = "CERN-EP-99-028",
      SLACcitation   = "%%CITATION = HEP-EX/9903027;%%"
}
@article{Barate:1998cp,
      author         = "Barate, R. and others",
      title          = "{Measurements of the structure of quark and gluon jets in
                        hadronic Z decays}",
      collaboration  = "ALEPH",
      journal        = "Eur. Phys. J.~C",
      volume         = "17",
      year           = "2000",
      pages          = "1-18",
      doi            = "10.1007/s100520000474",
      reportNumber   = "CERN-EP-98-016, CERN-EP-98-16",
      SLACcitation   = "%%CITATION = EPHJA,C17,1;%%"
}
@article{Aaboud:2017eww,
      author         = "{ATLAS Collaboration}",
      title          = "{Measurement of jet $p_{\mathrm{T}}$ correlations in
                        \pbpb\ and $pp$ collisions at $\sqrt{s_{\mathrm{NN}}}=$
                        2.76 TeV with the ATLAS detector}",
      collaboration  = "ATLAS",
      journal        = "Phys. Lett.",
      volume         = "B 774",
      year           = "2017",
      pages          = "379-402",
      doi            = "10.1016/j.physletb.2017.09.078",
      eprint         = "1706.09363",
      archivePrefix  = "arXiv",
      primaryClass   = "hep-ex",
      reportNumber   = "CERN-EP-2017-054",
      SLACcitation   = "%%CITATION = ARXIV:1706.09363;%%"
}
@article{Aad:2016oit,
      author         = "{ATLAS Collaboration}",
      title          = "{Measurement of the charged-particle multiplicity inside
                        jets from $\sqrt{s}=8$ TeV $pp$ collisions with the ATLAS
                        detector}",
      collaboration  = "ATLAS",
      journal        = "Eur. Phys. J.",
      volume         = "C 76",
      year           = "2016",
      number         = "6",
      pages          = "322",
      doi            = "10.1140/epjc/s10052-016-4126-5",
      eprint         = "1602.00988",
      archivePrefix  = "arXiv",
      primaryClass   = "hep-ex",
      reportNumber   = "CERN-EP-2016-001",
      SLACcitation   = "%%CITATION = ARXIV:1602.00988;%%"

}
@article{Khachatryan:2015lha,
      author         = "{CMS Collaboration}",
      title          = "{Measurement of transverse momentum relative to dijet
                        systems in \pbpb\ and pp collisions at $
                        \sqrt{s_{\mathrm{NN}}}=2.76 $ TeV}",
      collaboration  = "CMS",
      journal        = "JHEP",
      volume         = "01",
      year           = "2016",
      pages          = "006",
      doi            = "10.1007/JHEP01(2016)006",
      eprint         = "1509.09029",
      archivePrefix  = "arXiv",
      primaryClass   = "nucl-ex",
      reportNumber   = "CMS-HIN-14-010, CERN-PH-EP-2015-260",
      SLACcitation   = "%%CITATION = ARXIV:1509.09029;%%"
}
@article{Aaboud:2018anc,
      author         = "{ATLAS Collaboration}",
      title          = "{Measurement of photon–jet transverse momentum
                        correlations in 5.02 TeV \pbpb\ and $pp$ collisions with
                        ATLAS}",
      collaboration  = "ATLAS",
      journal        = "Phys. Lett.",
      volume         = "B789",
      year           = "2019",
      pages          = "167-190",
      doi            = "10.1016/j.physletb.2018.12.023",
      eprint         = "1809.07280",
      archivePrefix  = "arXiv",
      primaryClass   = "nucl-ex",
      reportNumber   = "CERN-EP-2018-196",
      SLACcitation   = "%%CITATION = ARXIV:1809.07280;%%"
}
@article{Chatrchyan:2011sx,
      author         = "{CMS Collaboration}",
      title          = "{Observation and studies of jet quenching in \PbPb\
                        collisions at nucleon-nucleon center-of-mass energy = 2.76
                        TeV}",
      collaboration  = "CMS",
      journal        = "Phys. Rev.",
      volume         = "C 84",
      year           = "2011",
      pages          = "024906",
      doi            = "10.1103/PhysRevC.84.024906",
      eprint         = "1102.1957",
      archivePrefix  = "arXiv",
      primaryClass   = "nucl-ex",
      reportNumber   = "CERN-PH-EP-2011-001, CMS-HIN-10-004",
      SLACcitation   = "%%CITATION = ARXIV:1102.1957;%%"
}
@article{Aad:2010bu,
      author         = "{ATLAS Collaboration}",
      title          = "{Observation of a Centrality-Dependent Dijet Asymmetry in
                        Lead-Lead Collisions at $\sqrt{s_{NN}}=2.76$ TeV with the
                        ATLAS Detector at the LHC}",
      collaboration  = "ATLAS",
      journal        = "Phys. Rev. Lett.",
      volume         = "105",
      year           = "2010",
      pages          = "252303",
      doi            = "10.1103/PhysRevLett.105.252303",
      eprint         = "1011.6182",
      archivePrefix  = "arXiv",
      primaryClass   = "hep-ex",
      SLACcitation   = "%%CITATION = ARXIV:1011.6182;%%"
}
@article{Aad:2015bsa,
      author         = "Aad, Georges and others",
      title          = "{Measurement of the production of neighbouring jets in 
			\pbpb\ collisions at $\sqrt{s_{\mathrm{NN}}} =
			2.76$TeV with the ATLAS detector}",
      collaboration  = "ATLAS",
      journal        = "Phys. Lett.",
      volume         = "B 751",
      year           = "2015",
      pages          = "376-395",
      doi            = "10.1016/j.physletb.2015.10.059",
      eprint         = "1506.08656",
      archivePrefix  = "arXiv",
      primaryClass   = "hep-ex",
      reportNumber   = "CERN-PH-EP-2015-143",
      SLACcitation   = "%%CITATION = ARXIV:1506.08656;%%"
}
@article{Chatrchyan:2012gt,
      author         = "{CMS Collaboration}",
      title          = "{Studies of jet quenching using isolated-photon+jet
                        correlations in \pbpb\ and $pp$ collisions at
                        $\sqrt{s_{NN}}=2.76$ TeV}",
      collaboration  = "CMS",
      journal        = "Phys. Lett.",
      volume         = "B 718",
      year           = "2013",
      pages          = "773-794",
      doi            = "10.1016/j.physletb.2012.11.003",
      eprint         = "1205.0206",
      archivePrefix  = "arXiv",
      primaryClass   = "nucl-ex",
      reportNumber   = "CMS-HIN-11-010, CERN-PH-EP-2012-089",
      SLACcitation   = "%%CITATION = ARXIV:1205.0206;%%"
}
@article{Khachatryan:2016odn,
      author         = "Khachatryan, Vardan and others",
      title          = "{Charged-particle nuclear modification factors in \pbpb\
                        and pPb collisions at $
                        \sqrt{s_{\mathrm{N}\;\mathrm{N}}}=5.02 $ TeV}",
      collaboration  = "CMS",
      journal        = "JHEP",
      volume         = "04",
      year           = "2017",
      pages          = "039",
      doi            = "10.1007/JHEP04(2017)039",
      eprint         = "1611.01664",
      archivePrefix  = "arXiv",
      primaryClass   = "nucl-ex",
      reportNumber   = "CMS-HIN-15-015, CERN-EP-2016-242",
      SLACcitation   = "%%CITATION = ARXIV:1611.01664;%%"
}
@article{Aad:2015wga,
      author         = "Aad, Georges and others",
      title          = "{Measurement of charged-particle spectra in \pbpb\
                        collisions at $\sqrt{{s}_\mathsf{{NN}}} = 2.76$ TeV with
                        the ATLAS detector at the LHC}",
      collaboration  = "ATLAS",
      journal        = "JHEP",
      volume         = "09",
      year           = "2015",
      pages          = "050",
      doi            = "10.1007/JHEP09(2015)050",
      eprint         = "1504.04337",
      archivePrefix  = "arXiv",
      primaryClass   = "hep-ex",
      reportNumber   = "CERN-PH-EP-2015-032",
      SLACcitation   = "%%CITATION = ARXIV:1504.04337;%%"
}
@article{Aaboud:2017jcu,
      author         = "{ATLAS Collaboration}",
      title          = "{Jet energy scale measurements and their systematic
                        uncertainties in proton-proton collisions at $\sqrt{s} =
                        13$ TeV with the ATLAS detector}",
      collaboration  = "ATLAS",
      journal        = "Phys. Rev.",
      volume         = "D 96",
      year           = "2017",
      number         = "7",
      pages          = "072002",
      doi            = "10.1103/PhysRevD.96.072002",
      eprint         = "1703.09665",
      archivePrefix  = "arXiv",
      primaryClass   = "hep-ex",
      reportNumber   = "CERN-EP-2017-038",
      SLACcitation   = "%%CITATION = ARXIV:1703.09665;%%"
}
@article{Chien:2015vja,
      author         = "Chien, Yang-Ting and Emerman, Alexander and Kang,
                        Zhong-Bo and Ovanesyan, Grigory and Vitev, Ivan",
      title          = "{Jet Quenching from QCD Evolution}",
      journal        = "Phys. Rev.",
      volume         = "D 93",
      year           = "2016",
      number         = "7",
      pages          = "074030",
      doi            = "10.1103/PhysRevD.93.074030",
      eprint         = "1509.02936",
      archivePrefix  = "arXiv",
      primaryClass   = "hep-ph",
      reportNumber   = "ACFI-T15-13",
      SLACcitation   = "%%CITATION = ARXIV:1509.02936;%%"
}
@article{Kang:2017frl,
      author         = "Kang, Zhong-Bo and Ringer, Felix and Vitev, Ivan",
      title          = "{Inclusive production of small radius jets in heavy-ion
                        collisions}",
      journal        = "Phys. Lett.",
      volume         = "B 769",
      year           = "2017",
      pages          = "242-248",
      doi            = "10.1016/j.physletb.2017.03.067",
      eprint         = "1701.05839",
      archivePrefix  = "arXiv",
      primaryClass   = "hep-ph",
      SLACcitation   = "%%CITATION = ARXIV:1701.05839;%%"
}
@article{Wang:1991hta,
      author         = "Wang, Xin-Nian and Gyulassy, Miklos",
      title          = "{HIJING: A Monte Carlo model for multiple jet production
                        in p p, p A and A A collisions}",
      journal        = "Phys. Rev.~D",
      volume         = "44",
      year           = "1991",
      pages          = "3501-3516",
      doi            = "10.1103/PhysRevD.44.3501",
      reportNumber   = "LBL-31036",
      SLACcitation   = "%%CITATION = PHRVA,D44,3501;%%"
}
@article{Aaboud:2017all,
      author         = "{ATLAS Collaboration}",
      title          = "{Performance of the ATLAS Track Reconstruction Algorithms
                        in Dense Environments in LHC Run 2}",
      collaboration  = "ATLAS",
      journal        = "Eur. Phys. J.",
      volume         = "C 77",
      year           = "2017",
      number         = "10",
      pages          = "673",
      doi            = "10.1140/epjc/s10052-017-5225-7",
      eprint         = "1704.07983",
      archivePrefix  = "arXiv",
      primaryClass   = "hep-ex",
      reportNumber   = "CERN-EP-2017-045",
      SLACcitation   = "%%CITATION = ARXIV:1704.07983;%%"
}

@article{Chatrchyan:2013kwa,
      author         = "{CMS Collaboration}",
      title          = "{Modification of jet shapes in \pbpb\ collisions at $\sqrt
                        {s_{NN}} = 2.76$ TeV}",
      collaboration  = "CMS",
      journal        = "Phys. Lett.",
      volume         = "B 730",
      year           = "2014",
      pages          = "243-263",
      doi            = "10.1016/j.physletb.2014.01.042",
      eprint         = "1310.0878",
      archivePrefix  = "arXiv",
      primaryClass   = "nucl-ex",
      reportNumber   = "CERN-PH-EP-2013-189, CMS-HIN-12-002",
      SLACcitation   = "%%CITATION = ARXIV:1310.0878;%%"
}

@article{Spousta:2015fca,
      author         = "Spousta, Martin and Cole, Brian",
      title          = "{Interpreting single jet measurements in \pbpb\
                        collisions at the LHC}",
      journal        = "Eur. Phys. J.~C ",
      volume         = "76",
      year           = "2016",
      number         = "2",
      pages          = "50",
      doi            = "10.1140/epjc/s10052-016-3896-0",
      eprint         = "1504.05169",
      archivePrefix  = "arXiv",
      primaryClass   = "hep-ph",
      SLACcitation   = "%%CITATION = ARXIV:1504.05169;%%"
}
@article{Abelev:2013kqa,
      author         = "{ALICE Collaboration}",
      title          = "{Measurement of charged jet suppression in \pbpb\
                        collisions at $\sqrt{s_{NN}}$ = 2.76 TeV}",
      collaboration  = "ALICE",
      journal        = "JHEP",
      volume         = "03",
      year           = "2014",
      pages          = "013",
      doi            = "10.1007/JHEP03(2014)013",
      eprint         = "1311.0633",
      archivePrefix  = "arXiv",
      primaryClass   = "nucl-ex",
      reportNumber   = "CERN-PH-EP-2013-205",
      SLACcitation   = "%%CITATION = ARXIV:1311.0633;%%"
}
@article{Nason:2004rx,
      author         = "Nason, Paolo",
      title          = "{A New method for combining NLO QCD with shower Monte
                        Carlo algorithms}",
      journal        = "JHEP",
      volume         = "11",
      year           = "2004",
      pages          = "040",
      doi            = "10.1088/1126-6708/2004/11/040",
      eprint         = "hep-ph/0409146",
      archivePrefix  = "arXiv",
      primaryClass   = "hep-ph",
      reportNumber   = "BICOCCA-FT-04-11",
      SLACcitation   = "%%CITATION = HEP-PH/0409146;%%"
}
@article{Sjostrand:2014zea,
      author         = "Sjöstrand, Torbjörn and Ask, Stefan and Christiansen,
                        Jesper R. and Corke, Richard and Desai, Nishita and Ilten,
                        Philip and Mrenna, Stephen and Prestel, Stefan and
                        Rasmussen, Christine O. and Skands, Peter Z.",
      title          = "{An Introduction to PYTHIA 8.2}",
      journal        = "Comput. Phys. Commun.",
      volume         = "191",
      year           = "2015",
      pages          = "159-177",
      doi            = "10.1016/j.cpc.2015.01.024",
      eprint         = "1410.3012",
      archivePrefix  = "arXiv",
      primaryClass   = "hep-ph",
      reportNumber   = "LU-TP-14-36, MCNET-14-22, CERN-PH-TH-2014-190,
                        FERMILAB-PUB-14-316-CD, DESY-14-178, SLAC-PUB-16122",
      SLACcitation   = "%%CITATION = ARXIV:1410.3012;%%"
}
@article{ATLAS:2016tor,
   author  = "{ATLAS Collaboration}",
      title          = "{Study of photon-jet momentum correlations in \pbpb\ and
                        $pp$ collisions at $\sqrt{s_\mathrm{NN}} = 5.02$ TeV with
                        ATLAS}",
      collaboration  = "ATLAS",
      year           = "2016",
      reportNumber   = "ATLAS-CONF-2016-110",
      SLACcitation   = "%%CITATION = ATLAS-CONF-2016-110;%%"
}
@article{Aaboud:2017tql,
      author         = "{ATLAS Collaboration}",
      title          = "{Measurement of longitudinal flow de-correlations in
                        \pbpb\ collisions at $\sqrt{s_\mathrm{NN}} = 2.76$ and 5.02
                        TeV with the ATLAS detector}",
      collaboration  = "ATLAS",
      journal        = "Eur. Phys. J.~C ",
      volume         = "78",
      year           = "2018",
      number         = "2",
      pages          = "142",
      doi            = "10.1140/epjc/s10052-018-5605-7",
      eprint         = "1709.02301",
      archivePrefix  = "arXiv",
      primaryClass   = "nucl-ex",
      reportNumber   = "CERN-EP-2017-191",
      SLACcitation   = "%%CITATION = ARXIV:1709.02301;%%"
}
@article{Khachatryan:2016odn,
      author         = "{CMS Collaboration}",
      title          = "{Charged-particle nuclear modification factors in \PbPb\
                        and pPb collisions at sqrt(s[NN)]=5.02 TeV}",
      collaboration  = "CMS",
      year           = "2016",
      eprint         = "1611.01664",
      archivePrefix  = "arXiv",
      primaryClass   = "nucl-ex",
      reportNumber   = "CMS-HIN-15-015, CERN-EP-2016-242",
      SLACcitation   = "%%CITATION = ARXIV:1611.01664;%%"
}
@article{ATLAS2014021,
   author = "{ATLAS Collaboration}",
   title = "{ATLAS Run 1 Pythia8 tunes}",
   note = "ATLAS-PHYS-PUB-2014-021",
   url = "https://cds.cern.ch/record/1966419",
   year = "2014"
}
@article{ATLAS:2014cpa,
      author         = "{ATLAS Collaboration}",
      title          = "{Centrality and rapidity dependence of inclusive jet
                        production in $\sqrt{s_\mathrm{NN}} = 5.02$ TeV
                        proton-lead collisions with the ATLAS detector}",
      collaboration  = "ATLAS",
      journal        = "Phys. Lett.",
      volume         = "B 748",
      year           = "2015",
      pages          = "392-413",
      doi            = "10.1016/j.physletb.2015.07.023",
      eprint         = "1412.4092",
      archivePrefix  = "arXiv",
      primaryClass   = "hep-ex",
      reportNumber   = "CERN-PH-EP-2014-275",
      SLACcitation   = "%%CITATION = ARXIV:1412.4092;%%"
}
@article{Aad:2008zzm,
      author         = "{ATLAS Collaboration}",
     title          = "{The ATLAS Experiment at the CERN Large Hadron Collider}",
      collaboration  = "ATLAS",
      journal        = "JINST",
      volume         = "3",
      pages          = "S08003",
      doi            = "10.1088/1748-0221/3/08/S08003",
      year           = "2008",
      SLACcitation   = "%%CITATION = JINST,3,S08003;%%",
}

@article{Roland:2014jsa,
      author         = "Roland, G. and \v{S}afa\v{r}\'{i}k, K. and Steinberg, P.",
      title          = "{Heavy-ion collisions at the LHC}",
      journal        = "Prog. Part. Nucl. Phys.",
      volume         = "77",
      year           = "2014",
      pages          = "70-127",
      doi            = "10.1016/j.ppnp.2014.05.001",
      SLACcitation   = "%%CITATION = PPNPD,77,70;%%"
}
@article{Hulcher:2017cpt,
      author         = "Hulcher, Zachary and Pablos, Daniel and Rajagopal,
                        Krishna",
      title          = "{Resolution Effects in the Hybrid Strong/Weak Coupling
                        Model}",
      year           = "2017",
      eprint         = "1707.05245",
      archivePrefix  = "arXiv",
      primaryClass   = "hep-ph",
      SLACcitation   = "%%CITATION = ARXIV:1707.05245;%%"
}
@article{Khachatryan:2016jfl,
      author         = "{CMS Collaboration}",
      title          = "{Measurement of inclusive jet cross sections in $pp$ and
                        \pbpb\ collisions at $\sqrt{s_{NN}}=$ 2.76 TeV}",
      collaboration  = "CMS",
      journal        = "Phys.~Rev.~C ",
      volume         = "96",
      year           = "2017",
      number         = "1",
      pages          = "015202",
      doi            = "10.1103/PhysRevC.96.015202",
      eprint         = "1609.05383",
      archivePrefix  = "arXiv",
      primaryClass   = "nucl-ex",
      reportNumber   = "CMS-HIN-13-005, CERN-EP-2016-217",
      SLACcitation   = "%%CITATION = ARXIV:1609.05383;%%"
}
@article{Ball:2012cx,
      author         = "Ball, Richard D. and others",
      title          = "{Parton distributions with LHC data}",
      journal        = "Nucl. Phys.~B ",
      volume         = "867",
      year           = "2013",
      pages          = "244-289",
      doi            = "10.1016/j.nuclphysb.2012.10.003",
      eprint         = "1207.1303",
      archivePrefix  = "arXiv",
      primaryClass   = "hep-ph",
      reportNumber   = "EDINBURGH-2012-08, IFUM-FT-997, FR-PHENO-2012-014,
                        RWTH-TTK-12-25, CERN-PH-TH-2012-037, SFB-CPP-12-47",
      SLACcitation   = "%%CITATION = ARXIV:1207.1303;%%"
}
@article{Cacciari:2008qp,
      author         = "Cacciari, Matteo and Salam, Gavin P. and Soyez, Gregory",
     title          = "{The \Antikt\ jet clustering algorithm}",
      journal        = "JHEP",
      volume         = "0804",
      pages          = "063",
      doi            = "10.1088/1126-6708/2008/04/063",
      year           = "2008",
      eprint         = "0802.1189",
      archivePrefix  = "arXiv",
      primaryClass   = "hep-ph",
      reportNumber   = "LPTHE-07-03",
      SLACcitation   = "%%CITATION = ARXIV:0802.1189;%%",
}
@article{Chatrchyan:2014ava,
      author         = "{CMS Collaboration}",
     title          = "{Measurement of jet fragmentation in \pbpb\ and pp
                        collisions at $\sqrt{s_{NN}}=2.76$ TeV}",
      collaboration  = "CMS",
      journal        = "Phys.~Rev.~C",
      volume         = "90",
      pages          = "024908",
      doi            = "10.1103/PhysRevC.90.024908",
      year           = "2014",
      eprint         = "1406.0932",
      archivePrefix  = "arXiv",
      primaryClass   = "nucl-ex",
      reportNumber   = "CMS-HIN-12-013, CERN-PH-EP-2014-100",
      SLACcitation   = "%%CITATION = ARXIV:1406.0932;%%",
}
@Article{Agostinelli:2002hh,
          author         = "{GEANT4 Collaboration, S. Agostinelli et al.}",
      title          = "{GEANT4: A simulation toolkit}",
      collaboration  = "GEANT4",
      journal        = "Nucl.~Instrum.~Meth.~A",
      volume         = "506",
      pages          = "250-303",
      doi            = "10.1016/S0168-9002(03)01368-8",
      year           = "2003",
      reportNumber   = "SLAC-PUB-9350, FERMILAB-PUB-03-339",
     SLACcitation   = "%%CITATION = NUIMA,A506,250;%%"
}
@article{Adye:2011gm,
      author         = "Adye, Tim",
      title          = "{Unfolding algorithms and tests using RooUnfold}",
      organization   = "CERN",
      publisher      = "CERN",
      address        = "Geneva",
      year           = "2011",
      journal        = "{Proceedings of the PHYSTAT 2009 Workshop, CERN, Geneva, Switzerland, CERN-2011-006, pp 313}",
      doi            = "10.5170/CERN-2011-006.313",
      eprint         = "1105.1160",
      archivePrefix  = "arXiv",
      primaryClass   = "physics.data-an",
      SLACcitation   = "%%CITATION = ARXIV:1105.1160;%%"
}
@article{Khachatryan:2016tfj,
      author         = "{CMS Collaboration}",
      title          = "{Decomposing transverse momentum balance contributions
                        for quenched jets in \pbpb\ collisions at $
                        \sqrt{s_{\mathrm{N}\;\mathrm{N}}}=2.76 $ TeV}",
      collaboration  = "CMS",
      journal        = "JHEP",
      volume         = "11",
      year           = "2016",
      pages          = "055",
      doi            = "10.1007/JHEP11(2016)055",
      eprint         = "1609.02466",
      archivePrefix  = "arXiv",
      primaryClass   = "nucl-ex",
      reportNumber   = "CMS-HIN-15-011, CERN-EP-2016-199",
      SLACcitation   = "%%CITATION = ARXIV:1609.02466;%%"
}
@article{Aad:2010ah,
      author         = "{ATLAS Collaboration}",
      title          = "{The ATLAS Simulation Infrastructure}",
      collaboration  = "ATLAS",
      journal        = "Eur.~Phys.~J.",
      volume         = "C 70",
      pages          = "823-874",
      doi            = "10.1140/epjc/s10052-010-1429-9",
      year           = "2010",
      eprint         = "1005.4568",
      archivePrefix  = "arXiv",
      primaryClass   = "physics.ins-det",
      SLACcitation   = "%%CITATION = ARXIV:1005.4568;%%",
}
@article{Aad:2011he,
      author         = "{ATLAS Collaboration}",
      collaboration  = "ATLAS",
      title          = "{Jet energy measurement with the ATLAS detector in
                        proton-proton collisions at $\sqrt{s}=7$ TeV}",
      journal        = "Eur. Phys. J.~C",
      volume         = "73",
      year           = "2013",
      pages          = "2304",
      doi            = "10.1140/epjc/s10052-013-2304-2",
      eprint         = "1112.6426",
      archivePrefix  = "arXiv",
      primaryClass   = "hep-ex",
      reportNumber   = "CERN-PH-EP-2011-191",
      SLACcitation   = "%%CITATION = ARXIV:1112.6426;%%"
}
@article{Aad:2012ag,
      author         = "{ATLAS Collaboration}",
      title          = "{Jet energy resolution in proton-proton collisions at
                        $\sqrt{s}=7$ TeV recorded in 2010 with the ATLAS
                        detector}",
      collaboration  = "ATLAS",
      journal        = "Eur.~Phys.~J.~C",
      volume         = "73",
      pages          = "2306",
      doi            = "10.1140/epjc/s10052-013-2306-0",
      year           = "2013",
      eprint         = "1210.6210",
      archivePrefix  = "arXiv",
      primaryClass   = "hep-ex",
      reportNumber   = "CERN-PH-EP-2012-191",
      SLACcitation   = "%%CITATION = ARXIV:1210.6210;%%",
}
@article{ibl1,
   author = "{ATLAS Collaboration}",
   title = "{ATLAS Insertable B-Layer Technical Design Report}",
   note = "ATLAS-TDR-19",
   url = "http://cds.cern.ch/record/1291633",
   year = "2010"
}
@article{ibl2,
   author = "{ATLAS Collaboration}",
   title = "{ATLAS Insertable B-Layer Technical Design Report Addendum}",
   note = "ATLAS-TDR-19-ADD-1",
   url = "http://cds.cern.ch/record/1451888",
   year = "2012"
}

@techreport{HIjesnote,
      title         = "{Jet energy scale and its uncertainty for jets
                       reconstructed using the ATLAS heavy ion jet algorithm}",
      institution   = "CERN",
      address       = "Geneva",
      number        = "ATLAS-CONF-2015-016",
      month         = "04",
      year          = "2015",
      reportNumber  = "ATLAS-CONF-2015-016",
      url           = "http://cds.cern.ch/record/2008677",
}

@article{JERConfNote,
      author         = "{ATLAS Collaboration}",
      title          = "{Data-driven determination of the energy scale and
                        resolution of jets reconstructed in the ATLAS calorimeters
                        using dijet and multijet events at $\sqrt{s\ }=8~TeV$}",
      note           = "ATLAS-CONF-2015-017",
      reportNumber   = "ATLAS-CONF-2015-017, ATLAS-COM-CONF-2014-068",
      url            = "https://cds.cern.ch/record/2008678",
      SLACcitation   = "%%CITATION = ATLAS-CONF-2015-017 ETC.;%%",
      year = "2015"
}
@article{Run2jetpubnote,
   author = "{ATLAS Collaboration}",
   title = "Jet calibration and systematic uncertainties for jets reconstructed in the ATLAS detector at $\sqrt{s}$=13~TeV",
   note = "ATLAS-PHYS-PUB-2015-015",
   url = "https://cds.cern.ch/record/2037613",
   year = "2015"
}
@article{DAgostini:1994zf,
      author         = "D'Agostini, G.",
     title          = "{A Multidimensional unfolding method based on Bayes'
                        theorem}",
      journal        = "Nucl.~Instrum.~Meth.~A",
      volume         = "362",
      pages          = "487-498",
      doi            = "10.1016/0168-9002(95)00274-X",
      year           = "1995",
      reportNumber   = "DESY-94-099",
      SLACcitation   = "%%CITATION = NUIMA,A362,487;%%",
}

@article{Aad:2014wha,
      author         = "{ATLAS Collaboration}",
     title          = "{Measurement of inclusive jet charged-particle
                        fragmentation functions in \pbpb\ collisions at
                        $\sqrt{s_{NN}} = 2.76$ TeV with the ATLAS detector}",
      collaboration  = "ATLAS",
      journal        = "Phys.~Lett.~B",
      volume         = "739",
      pages          = "320-342",
      doi            = "10.1016/j.physletb.2014.10.065",
      year           = "2014",
      eprint         = "1406.2979",
      archivePrefix  = "arXiv",
      primaryClass   = "hep-ex",
      reportNumber   = "CERN-PH-EP-2014-101",
      SLACcitation   = "%%CITATION = ARXIV:1406.2979;%%",
}
@article{Aad:2014bxa,
      author         = "{ATLAS Collaboration}",
     title          = "{Measurements of the Nuclear Modification Factor for Jets
                        in \pbpb\ Collisions at $\sqrt{s_{\mathrm{NN}}}=2.76$ TeV
                        with the ATLAS Detector}",
      collaboration  = "ATLAS",
      journal        = "Phys.~Rev.~Lett.",
      volume         = "114",
      pages          = "072302",
      doi            = "10.1103/PhysRevLett.114.072302",
      year           = "2015",
      eprint         = "1411.2357",
      archivePrefix  = "arXiv",
      primaryClass   = "hep-ex",
      reportNumber   = "CERN-PH-EP-2014-172",
      SLACcitation   = "%%CITATION = ARXIV:1411.2357;%%",
}
@article{Aad:2014bia,
      author         = "{ATLAS Collaboration}",
      title          = "{Jet energy measurement and its systematic uncertainty in
                        proton-proton collisions at $\sqrt{s}=7$ TeV with the
                        ATLAS detector}",
      collaboration  = "ATLAS",
      journal        = "Eur. Phys. J.~C",
      volume         = "75",
      year           = "2015",
      pages          = "17",
      doi            = "10.1140/epjc/s10052-014-3190-y",
      eprint         = "1406.0076",
      archivePrefix  = "arXiv",
      primaryClass   = "hep-ex",
      reportNumber   = "CERN-PH-EP-2013-222",
      SLACcitation   = "%%CITATION = ARXIV:1406.0076;%%"
}


@article{Blaizot:2014ula,
      author         = "Blaizot, Jean-Paul and Mehtar-Tani, Yacine and Torres,
                        Marcus A. C.",
      title          = "{Angular structure of the in-medium QCD cascade}",
      journal        = "Phys. Rev. Lett.",
      volume         = "114",
      year           = "2015",
      number         = "22",
      pages          = "222002",
      doi            = "10.1103/PhysRevLett.114.222002",
      eprint         = "1407.0326",
      archivePrefix  = "arXiv",
      primaryClass   = "hep-ph",
      SLACcitation   = "%%CITATION = ARXIV:1407.0326;%%"
}
@article{Escobedo:2016jbm,
      author         = "Escobedo, Miguel A. and Iancu, Edmond",
      title          = "{Event-by-event fluctuations in the medium-induced jet
                        evolution}",
      journal        = "JHEP",
      volume         = "05",
      year           = "2016",
      pages          = "008",
      doi            = "10.1007/JHEP05(2016)008",
      eprint         = "1601.03629",
      archivePrefix  = "arXiv",
      primaryClass   = "hep-ph",
      SLACcitation   = "%%CITATION = ARXIV:1601.03629;%%"
}
@article{Casalderrey-Solana:2016jvj,
      author         = "Casalderrey-Solana, Jorge and Gulhan, Doga and Milhano,
                        Guilherme and Pablos, Daniel and Rajagopal, Krishna",
      title          = "{Angular Structure of Jet Quenching Within a Hybrid
                        Strong/Weak Coupling Model}",
      journal        = "JHEP",
      volume         = "03",
      year           = "2017",
      pages          = "135",
      doi            = "10.1007/JHEP03(2017)135",
      eprint         = "1609.05842",
      archivePrefix  = "arXiv",
      primaryClass   = "hep-ph",
      reportNumber   = "ICCUB-16-033, CERN-TH-2016-201, MIT-CTP-4830",
      SLACcitation   = "%%CITATION = ARXIV:1609.05842;%%"
}
@article{Tachibana:2017syd,
      author         = "Tachibana, Yasuki and Chang, Ning-Bo and Qin, Guang-You",
      title          = "{Full jet in quark-gluon plasma with hydrodynamic medium
                        response}",
      journal        = "Phys. Rev.",
      volume         = "C95",
      year           = "2017",
      number         = "4",
      pages          = "044909",
      doi            = "10.1103/PhysRevC.95.044909",
      eprint         = "1701.07951",
      archivePrefix  = "arXiv",
      primaryClass   = "nucl-th",
      SLACcitation   = "%%CITATION = ARXIV:1701.07951;%%"
}
@article{Vitev:2008rz,
      author         = "Vitev, Ivan and Wicks, Simon and Zhang, Ben-Wei",
      title          = "{A Theory of jet shapes and cross sections: From hadrons
                        to nuclei}",
      journal        = "JHEP",
      volume         = "11",
      year           = "2008",
      pages          = "093",
      doi            = "10.1088/1126-6708/2008/11/093",
      eprint         = "0810.2807",
      archivePrefix  = "arXiv",
      primaryClass   = "hep-ph",
      SLACcitation   = "%%CITATION = ARXIV:0810.2807;%%"
}
@article{Qin:2015srf,
      author         = "Qin, Guang-You and Wang, Xin-Nian",
      title          = "{Jet quenching in high-energy heavy-ion collisions}",
      journal        = "Int. J. Mod. Phys.~E",
      volume         = "24",
      year           = "2015",
      number         = "11",
      pages          = "1530014",
      doi            = "10.1142/S0218301315300143, 10.1142/9789814663717_0007",
      eprint         = "1511.00790",
      archivePrefix  = "arXiv",
      primaryClass   = "hep-ph",
      SLACcitation   = "%%CITATION = ARXIV:1511.00790;%%"
}
@article{ATLAS:2012at,
      author         = "{ATLAS Collaboration}",
      title          = "{Measurement of the azimuthal anisotropy for charged
                        particle production in $\sqrt{s_{NN}}=2.76$ TeV lead-lead
                        collisions with the ATLAS detector}",
      collaboration  = "ATLAS",
      journal        = "Phys. Rev.~C",
      volume         = "86",
      year           = "2012",
      pages          = "014907",
      doi            = "10.1103/PhysRevC.86.014907",
      eprint         = "1203.3087",
      archivePrefix  = "arXiv",
      primaryClass   = "hep-ex",
      reportNumber   = "CERN-PH-EP-2012-035",
      SLACcitation   = "%%CITATION = ARXIV:1203.3087;%%"
}
